@inproceedings{Ferraiuolo17,
    author = {Ferraiuolo, Andrew and Xu, Rui and Zhang, Danfeng and Myers, Andrew C. and Suh, G. Edward},
    title = {Verification of a Practical Hardware Security Architecture Through Static Information Flow Analysis},
    booktitle = {Proceedings of the Twenty-Second International Conference on Architectural Support for Programming Languages and Operating Systems},
    series = {ASPLOS '17},
    year = {2017},
    isbn = {978-1-4503-4465-4},
    location = {Xi'an, China},
    pages = {555--568},
    numpages = {14},
    url = {http://doi.acm.org/10.1145/3037697.3037739},
    doi = {10.1145/3037697.3037739},
    acmid = {3037739},
    publisher = {ACM},
    address = {New York, NY, USA},
    keywords = {hardware security, information flow, trustzone},
}
